% ========================================
% ПРИМЕР БИБЛИОГРАФИЧЕСКОЙ БАЗЫ ДАННЫХ
% ========================================
% Файл references.bib содержит библиографические записи
% для автоматической генерации списка литературы

% ========================================
% ИСТОЧНИКИ НА РУССКОМ ЯЗЫКЕ (КИРИЛЛИЦА)
% ========================================

@book{ivanov2020,
    author    = {Иванов, И. И.},
    title     = {Название книги},
    publisher = {Издательство},
    address   = {М.},
    year      = {2020},
    pages     = {200},
    language  = {russian}
}

@article{petrov2021,
    author   = {Петров, П. П.},
    title    = {Название статьи},
    journal  = {Название журнала},
    year     = {2021},
    number   = {1},
    pages    = {10--20},
    language = {russian}
}

@article{sidorov2022,
    author   = {Сидоров, С. С. and Васильев, В. В.},
    title    = {Современные подходы к исследованию},
    journal  = {Научный журнал},
    year     = {2022},
    volume   = {15},
    number   = {3},
    pages    = {45--67},
    language = {russian}
}

% ========================================
% ИСТОЧНИКИ НА ЗАПАДНЫХ ЯЗЫКАХ (ЛАТИНИЦА)
% ========================================

@book{smith2019,
    author    = {Smith, John},
    title     = {Book Title},
    publisher = {Publisher},
    address   = {New York},
    year      = {2019},
    pages     = {300},
    language  = {english}
}

@article{johnson2020,
    author   = {Johnson, Michael},
    title    = {Article Title},
    journal  = {Journal Name},
    year     = {2020},
    volume   = {10},
    number   = {2},
    pages    = {50--60},
    language = {english}
}

@incollection{brown2021,
    author    = {Brown, Sarah},
    title     = {Chapter Title},
    booktitle = {Edited Volume Title},
    editor    = {Davis, Robert},
    publisher = {Academic Press},
    address   = {London},
    year      = {2021},
    pages     = {125--145},
    language  = {english}
}

% ========================================
% ЭЛЕКТРОННЫЕ РЕСУРСЫ
% ========================================

@online{webresource2023,
    author  = {Anderson, James},
    title   = {Online Article Title},
    year    = {2023},
    url     = {https://example.com/article},
    urldate = {2025-01-20},
    language = {english}
}

% ========================================
% ДИССЕРТАЦИИ
% ========================================

@phdthesis{nikolaev2018,
    author   = {Николаев, Н. Н.},
    title    = {Название диссертации},
    school   = {МГУ имени М.В. Ломоносова},
    address  = {М.},
    year     = {2018},
    type     = {Дис. ... канд. ист. наук},
    language = {russian}
}
